@inproceedings{holzle1992debugging,
  title={Debugging optimized code with dynamic deoptimization},
  author={H{\"o}lzle, Urs and Chambers, Craig and Ungar, David},
  booktitle={ACM Sigplan Notices},
  volume={27},
  number={7},
  pages={32--43},
  year={1992},
  organization={ACM}
}
%Jikes paper1
@inproceedings{fink2003design,
  title={Design, implementation and evaluation of adaptive recompilation with on-stack replacement},
  author={Fink, Stephen J and Qian, Feng},
  booktitle={Proceedings of the international symposium on Code generation and optimization: feedback-directed and runtime optimization},
  pages={241--252},
  year={2003},
  organization={IEEE Computer Society}
}
%Jikes paper2
@inproceedings{soman2006efficient,
  title={Efficient and General On-Stack Replacement for Aggressive Program Specialization.},
  author={Soman, Sunil and Krintz, Chandra},
  booktitle={Software Engineering Research and Practice},
  pages={925--932},
  year={2006}
}

@inproceedings{paleczny2001java,
  title={The java hotspot TM server compiler},
  author={Paleczny, Michael and Vick, Christopher and Click, Cliff},
  booktitle={Proceedings of the 2001 Symposium on Java TM Virtual Machine Research and Technology Symposium-Volume 1},
  pages={1--1},
  year={2001},
  organization={USENIX Association}
}

@inproceedings{lameed2013modular,
  title={A modular approach to on-stack replacement in LLVM},
  author={Lameed, Nurudeen A and Hendren, Laurie J},
  booktitle={ACM SIGPLAN Notices},
  volume={48},
  number={7},
  pages={143--154},
  year={2013},
  organization={ACM}
}

% GRAAL
@inproceedings{duboscq2014speculation,
  title={Speculation without regret: reducing deoptimization meta-data in the Graal compiler},
  author={Duboscq, Gilles and W{\"u}rthinger, Thomas and M{\"o}ssenb{\"o}ck, Hanspeter},
  booktitle={Proceedings of the 2014 International Conference on Principles and Practices of Programming on the Java platform: Virtual machines, Languages, and Tools},
  pages={187--193},
  year={2014},
  organization={ACM}
}

@online{WebKitURL,
  author = {Apple Inc.},
  title = {{WebKit} The WebKit Open Source Web Browser Engine},
  year = 1998,
  url = {https://webkit.org/},
  urldate = {2015-02-01}
}

@online{OSRKit,
  author = {Daniele Cono Dâ€™Elia, Camil Demetrescu},
  title = {{OSRKit} OSRKit},
  year = 2016,
  url = {https://github.com/dcdelia/tinyvm},
  urldate = {2016-02-01} 
} 